@article{hanke2014,
   author={Hanke, A. and E. Hamann and R. Sharma and J.S. Geelhoed and T. Hargesheimer and B. Kraft and V. Meyer and S. Lenk and H. Osmers and R. Wu and K. Makinwa and R.L. Hettich and J.F. Banfield and H.E. Tegetmeyer and M. Strous},
   title={Recoding of the stop codon UGA to glycine by a BD1-5/SN-2 bacterium and niche partitioning between Alpha- and Gammaproteobacteria in a tidal sediment microbial community naturally selected in a laboratorychemostat},
   journal={Frontiers in Microbiology},
   volume={5},
   year={2014},
   pages={1-7}
}
@article{houser2015,
	author={Houser, J.R. and C. Barnhart and D.R. Boutz and S.M. Carrol and A. Dasgupta and J.K. Michener and B.D. Needham and O. Papoulas and V. Sridhara and D.K. Sydykova and C.J. Marx and M.S. Trent and J.E. Barrick and E.M. Marcotte and C.O. Wilke},
	title={Controlled Measurement and Comparative Analysis of Cellular Components in E. coli Reveals Broad Regulatory Changes in Response to Glucose Starvation},
	journal={PLoS Computational Biology},
	volume={11},
	number={8},
	year={2015},
	pages={1-27}
}
@article{caglar2017,
	author={Caglar, M.U. and J.R. Houser and C.S. Barnhart and D.R. Boutz and S.M. Carrol and A. Dasgupta and W.F. Lenoir and B.L. Smith and V. Sridhara and D.K. Sydykova and D. VanderWood. C.J. Marx and E.M. Marcotte and J.E. Barrick and C.O. Wilke},
	title={The E. coli molecular phenotype under different growth conditions},
	journal={Scientific Reports},
	volume={7},
	number={45303},
	year={2017},
	pages={1-15}
}
@article{pal2006review,
	author={Pal, C. and B. Papp and M.J. Lercher},
	title={An Integrated view of protein evolution},
	journal={Nature Genetics},
	volume={7},
	year={2006},
	pages={337-348}
}
@article{zhang2015review,
	author={Zhang, J. and J. Yang},
	title={Determinatns of the the rate of protein sequence evolution},
	journal={Nature Genetics},
	volume={16},
	year={2015},
	pages={409-420}
}
@article{dillies2012,
	author={Dillies, M. and A. Rau and J. Albert and C. Hennequet-Antie and M. Jeanmougin and N. Servant and C. Keime and G. Marot amd D. Castel and J. Estelle amd G. Guernec and B. Jagle and L. Jouneau and D. Laloe and C. Le Gall and B. Schaeffer and S. Le Crom and M. Guedj and F. Jaffrezic and on behalf of The French StatOmique Consortium},
	title={A comprehensive evaluation of normalization methods for Illumina high-throughput RNA sequencing data analysis},
	journal={Briefings in Bioinformatics},
	volume={14},
	number={6},
	year={2012},
	pages={671-683} 
}
